<?xml version="1.0" encoding="UTF-8"?><collection xmlns="http://www.loc.gov/MARC21/slim"><record><leader>00273nam--2200121-i-4500</leader><controlfield tag="001">000003182</controlfield><controlfield tag="002">20161230</controlfield><controlfield tag="005">20161230201025</controlfield><controlfield tag="008">060222s1000------------r-----000-0-eng-d</controlfield><datafield ind1=" " ind2=" " tag="245"><subfield code="a">Atoms in industry</subfield></datafield><datafield ind1=" " ind2=" " tag="260"><subfield code="a">London, P.E.P., 1956. 122-137 P</subfield></datafield><datafield ind1=" " ind2=" " tag="490"><subfield code="a">399</subfield></datafield><datafield ind1=" " ind2=" " tag="852"><subfield code="a">12698</subfield></datafield></record></collection>